@book{aranburu2018imu,
  title={IMU Data Processing to Recognize Activities of Daily Living with a Smart Headset},
  author={Aranburu, Alex},
  year={2018},
  publisher={University of California, Santa Cruz}
}
@unknown{jiang,
author = {Jiang, Lavender},
year = {2018},
month = {05},
pages = {},
title = {Yaw Angle Estimation from Gyroscope and Magnetometer Based on Kalman Filter}
}
@unknown{mathworks,
author = {Mathworks},
year = {2022},
title = {Custom Variable Mass 6DOF (Euler Angles): Implement Euler angle representation of six-degrees-of-freedom equations of motion of custom variable mass},
}
@site{kalmanfilternet,
author = {Becker, Alex},
year = {2022},
title = {Kalman Filter: Constructing the process noise matrix Q},
}
@article{wu2019real,
  title={Real-time magnetometer disturbance estimation via online nonlinear programming},
  author={Wu, Jin},
  journal={IEEE Sensors Journal},
  volume={19},
  number={12},
  pages={4405--4411},
  year={2019},
  publisher={IEEE}
}
